




@article{tompson2014real,
  title={Real-time continuous pose recovery of human hands using convolutional networks},
  author={Tompson, Jonathan and Stein, Murphy and Lecun, Yann and Perlin, Ken},
  journal={ACM Transactions on Graphics (ToG)},
  volume={33},
  number={5},
  pages={1--10},
  year={2014},
  publisher={ACM New York, NY, USA}
}


@inproceedings{sharp2015accurate,
  title={Accurate, robust, and flexible real-time hand tracking},
  author={Sharp, Toby and Keskin, Cem and Robertson, Duncan and Taylor, Jonathan and Shotton, Jamie and Kim, David and Rhemann, Christoph and Leichter, Ido and Vinnikov, Alon and Wei, Yichen and others},
  booktitle={Proceedings of the 33rd Annual ACM Conference on Human Factors in Computing Systems},
  pages={3633--3642},
  year={2015}
}


@inproceedings{sun2015cascaded,
  title={Cascaded hand pose regression},
  author={Sun, Xiao and Wei, Yichen and Liang, Shuang and Tang, Xiaoou and Sun, Jian},
  booktitle={Proceedings of the IEEE conference on computer vision and pattern recognition},
  pages={824--832},
  year={2015}
}


@article{tang2016latent,
  title={Latent regression forest: structured estimation of {3D} hand poses},
  author={Tang, Danhang and Chang, Hyung Jin and Tejani, Alykhan and Kim, Tae-Kyun},
  journal={IEEE Transactions on Pattern Analysis and Machine Intelligence},
  volume={39},
  number={7},
  pages={1374--1387},
  year={2016},
  publisher={IEEE}
}


@inproceedings{yuan2017bighand2,
  title={Bighand2.2m benchmark: Hand pose dataset and state of the art analysis},
  author={Yuan, Shanxin and Ye, Qi and Stenger, Bjorn and Jain, Siddhant and Kim, Tae-Kyun},
  booktitle={Proceedings of the IEEE Conference on Computer Vision and Pattern Recognition},
  pages={4866--4874},
  year={2017}
}


@article{romero2017embodied,
  title={Embodied hands: Modeling and capturing hands and bodies together},
  author={Romero, Javier and Tzionas, Dimitrios and Black, Michael J},
  journal={ACM Transactions on Graphics (ToG)},
  volume={36},
  number={6},
  pages={245},
  year={2017},
  publisher={ACM}
}

@article{loper2015smpl,
  title={SMPL: A skinned multi-person linear model},
  author={Loper, Matthew and Mahmood, Naureen and Romero, Javier and Pons-Moll, Gerard and Black, Michael J},
  journal={ACM transactions on graphics (TOG)},
  volume={34},
  number={6},
  pages={1--16},
  year={2015},
  publisher={ACM New York, NY, USA}
}


@inproceedings{malik2018deephps,
  title={Deephps: End-to-end estimation of {3D} hand pose and shape by learning from synthetic depth},
  author={Malik, Jameel and Elhayek, Ahmed and Nunnari, Fabrizio and Varanasi, Kiran and Tamaddon, Kiarash and Heloir, Alexis and Stricker, Didier},
  booktitle={2018 International Conference on {3D} Vision ({3DV})},
  pages={110--119},
  year={2018},
  organization={IEEE}
}


@article{wang2018mask,
  title={Mask-Pose Cascaded CNN for 2D Hand Pose Estimation From Single Color Image},
  author={Wang, Yangang and Peng, Cong and Liu, Yebin},
  journal={IEEE Transactions on Circuits and Systems for Video Technology},
  volume={29},
  number={11},
  pages={3258--3268},
  year={2018},
  publisher={IEEE}
}


@article{hoffmann2019learning,
  title={Learning to Train with Synthetic Humans},
  author={Hoffmann, David T and Tzionas, Dimitrios and Black, Micheal J and Tang, Siyu},
  journal={arXiv preprint arXiv:1908.00967},
  year={2019}
}


@article{he2019graphposegan,
  title={GraphPoseGAN: {3D} Hand Pose Estimation from a Monocular {RGB} Image via Adversarial Learning on Graphs},
  author={He, Yiming and Hu, Wei and Yang, Siyuan and Qu, Xiaochao and Wan, Pengfei and Guo, Zongming},
  journal={arXiv preprint arXiv:1912.01875},
  year={2019}
}



@article{supanvcivc2018depth,
  title={Depth-based hand pose estimation: methods, data, and challenges},
  author={Supan{\v{c}}i{\v{c}}, James Steven and Rogez, Gregory and Yang, Yi and Shotton, Jamie and Ramanan, Deva},
  journal={International Journal of Computer Vision},
  volume={126},
  number={11},
  pages={1180--1198},
  year={2018},
  publisher={Springer}
}


@inproceedings{moon2018v2v,
  title={{V2V}-posenet: Voxel-to-voxel prediction network for accurate {3D} hand and human pose estimation from a single depth map},
  author={Moon, Gyeongsik and Yong Chang, Ju and Mu Lee, Kyoung},
  booktitle={Proceedings of the IEEE conference on computer vision and pattern Recognition},
  pages={5079--5088},
  year={2018}
}

@inproceedings{oberweger2016efficiently,
  title={Efficiently creating {3D} training data for fine hand pose estimation},
  author={Oberweger, Markus and Riegler, Gernot and Wohlhart, Paul and Lepetit, Vincent},
  booktitle={Proceedings of the IEEE conference on computer vision and pattern recognition},
  pages={4957--4965},
  year={2016}
}

@inproceedings{urooj2018analysis,
  title={Analysis of hand segmentation in the wild},
  author={Urooj, Aisha and Borji, Ali},
  booktitle={Proceedings of the IEEE Conference on Computer Vision and Pattern Recognition},
  pages={4710--4719},
  year={2018}
}







@inproceedings{yuan2018depth,
  title={Depth-based {3D} hand pose estimation: From current achievements to future goals},
  author={Yuan, Shanxin and Garcia-Hernando, Guillermo and Stenger, Bj{\"o}rn and Moon, Gyeongsik and Yong Chang, Ju and Mu Lee, Kyoung and Molchanov, Pavlo and Kautz, Jan and Honari, Sina and Ge, Liuhao and others},
  booktitle={Proceedings of the IEEE Conference on Computer Vision and Pattern Recognition},
  pages={2636--2645},
  year={2018}
}

@inproceedings{li2019point,
  title={Point-to-pose voting based hand pose estimation using residual permutation equivariant layer},
  author={Li, Shile and Lee, Dongheui},
  booktitle={Proceedings of the IEEE Conference on Computer Vision and Pattern Recognition},
  pages={11927--11936},
  year={2019}
}


@article{yoo2019capturing,
  title={Capturing Hand Articulations using Recurrent Neural Network for {3D} Hand Pose Estimation},
  author={Yoo, Cheol-hwan and Kim, Seung-wook and Ji, Seo-won and Shin, Yong-goo and Ko, Sung-jea},
  journal={arXiv preprint arXiv:1911.07424},
  year={2019}
}


@article{wan2019dual,
  title={Dual Grid Net: hand mesh vertex regression from single depth maps},
  author={Wan, Chengde and Probst, Thomas and Van Gool, Luc and Yao, Angela},
  journal={arXiv preprint arXiv:1907.10695},
  year={2019}
}


@article{oberweger2019generalized,
  title={Generalized feedback loop for joint hand-object pose estimation},
  author={Oberweger, Markus and Wohlhart, Paul and Lepetit, Vincent},
  journal={IEEE transactions on pattern analysis and machine intelligence},
  year={2019},
  publisher={IEEE}
}


@article{liu2019feature,
  title={Feature boosting network for {3D} pose estimation},
  author={Liu, Jun and Ding, Henghui and Shahroudy, Amir and Duan, Ling-Yu and Jiang, Xudong and Wang, Gang and Chichung, Alex Kot},
  journal={IEEE transactions on pattern analysis and machine intelligence},
  year={2019},
  publisher={IEEE}
}


@inproceedings{mueller2017real,
  title={Real-time hand tracking under occlusion from an egocentric {RGB-D} sensor},
  author={Mueller, Franziska and Mehta, Dushyant and Sotnychenko, Oleksandr and Sridhar, Srinath and Casas, Dan and Theobalt, Christian},
  booktitle={Proceedings of the IEEE International Conference on Computer Vision Workshops},
  pages={1284--1293},
  year={2017}
}


@article{ge2018real,
  title={Real-time {3D} hand pose estimation with {3D} convolutional neural networks},
  author={Ge, Liuhao and Liang, Hui and Yuan, Junsong and Thalmann, Daniel},
  journal={IEEE transactions on pattern analysis and machine intelligence},
  volume={41},
  number={4},
  pages={956--970},
  year={2018},
  publisher={IEEE}
}


@inproceedings{tang2015opening,
  title={Opening the black box: Hierarchical sampling optimization for estimating human hand pose},
  author={Tang, Danhang and Taylor, Jonathan and Kohli, Pushmeet and Keskin, Cem and Kim, Tae-Kyun and Shotton, Jamie},
  booktitle={Proceedings of the IEEE international conference on computer vision},
  pages={3325--3333},
  year={2015}
}



@article{tang2018opening,
  title={Opening the black box: Hierarchical sampling optimization for hand pose estimation},
  author={Tang, Danhang and Ye, Qi and Yuan, Shanxin and Taylor, Jonathan and Kohli, Pushmeet and Keskin, Cem and Kim, Tae-Kyun and Shotton, Jamie},
  journal={IEEE transactions on pattern analysis and machine intelligence},
  volume={41},
  number={9},
  pages={2161--2175},
  year={2018},
  publisher={IEEE}
}

@article{madadi2017end,
  title={End-to-end global to local cnn learning for hand pose recovery in depth data},
  author={Madadi, Meysam and Escalera, Sergio and Bar{\'o}, Xavier and Gonzalez, Jordi},
  journal={arXiv preprint arXiv:1705.09606},
  year={2017}
}

@article{deng2017hand3d,
  title={Hand{3D}: Hand pose estimation using {3D} neural network},
  author={Deng, Xiaoming and Yang, Shuo and Zhang, Yinda and Tan, Ping and Chang, Liang and Wang, Hongan},
  journal={arXiv preprint arXiv:1704.02224},
  year={2017}
}

@article{lee2019silhouette,
  title={Silhouette-Net: {3D} Hand Pose Estimation from Silhouettes},
  author={Lee, Kuo-Wei and Liu, Shih-Hung and Chen, Hwann-Tzong and Ito, Koichi},
  journal={arXiv preprint arXiv:1912.12436},
  year={2019}
}

@inproceedings{panteleris2018using,
  title={Using a single {RGB} frame for real time {3D} hand pose estimation in the wild},
  author={Panteleris, Paschalis and Oikonomidis, Iason and Argyros, Antonis},
  booktitle={2018 IEEE Winter Conference on Applications of Computer Vision (WACV)},
  pages={436--445},
  year={2018},
  organization={IEEE}
}

@article{malik2020handvoxnet,
  title={HandVoxNet: Deep Voxel-Based Network for {3D} Hand Shape and Pose Estimation from a Single Depth Map},
  author={Malik, Jameel and Abdelaziz, Ibrahim and Elhayek, Ahmed and Shimada, Soshi and Ali, Sk Aziz and Golyanik, Vladislav and Theobalt, Christian and Stricker, Didier},
  journal={arXiv preprint arXiv:2004.01588},
  year={2020}
}

@inproceedings{chen2020dggan,
  title={DGGAN: Depth-image Guided Generative Adversarial Networks forDisentangling {RGB} and Depth Images in {3D} Hand Pose Estimation},
  author={Chen, Liangjian and Lin, Shih-Yao and Xie, Yusheng and Lin, Yen-Yu and Fan, Wei and Xie, Xiaohui},
  booktitle={The IEEE Winter Conference on Applications of Computer Vision},
  pages={411--419},
  year={2020}
}



@article{pan2009survey,
  title={A survey on transfer learning},
  author={Pan, Sinno Jialin and Yang, Qiang},
  journal={IEEE Transactions on knowledge and data engineering},
  volume={22},
  number={10},
  pages={1345--1359},
  year={2009},
  publisher={IEEE}
}

@inproceedings{baek2019pushing,
  title={Pushing the envelope for {RGB}-based dense {3D} hand pose estimation via neural rendering},
  author={Baek, Seungryul and Kim, Kwang In and Kim, Tae-Kyun},
  booktitle={Proceedings of the IEEE Conference on Computer Vision and Pattern Recognition},
  pages={1067--1076},
  year={2019}
}

@article{yuille2006vision,
  title={Vision as {B}ayesian inference: analysis by synthesis?},
  author={Yuille, Alan and Kersten, Daniel},
  journal={Trends in cognitive sciences},
  volume={10},
  number={7},
  pages={301--308},
  year={2006},
  publisher={Elsevier}
}


@article{karras2017progressive,
  title={Progressive growing of {GAN}s for improved quality, stability, and variation},
  author={Karras, Tero and Aila, Timo and Laine, Samuli and Lehtinen, Jaakko},
  journal={arXiv preprint arXiv:1710.10196},
  year={2017}
}



@article{armagan2020measuring,
  title={Measuring Generalisation to Unseen Viewpoints, Articulations, Shapes and Objects for {3D} Hand Pose Estimation under Hand-Object Interaction},
  author={Armagan, Anil and Garcia-Hernando, Guillermo and Baek, Seungryul and Hampali, Shreyas and Rad, Mahdi and Zhang, Zhaohui and Xie, Shipeng and Chen, MingXiu and Zhang, Boshen and Xiong, Fu and others},
  journal={arXiv preprint arXiv:2003.13764},
  year={2020}
}


@inproceedings{devineau2018deep,
  title={Deep learning for hand gesture recognition on skeletal data},
  author={Devineau, Guillaume and Moutarde, Fabien and Xi, Wang and Yang, Jie},
  booktitle={2018 13th IEEE International Conference on Automatic Face \& Gesture Recognition (FG 2018)},
  pages={106--113},
  year={2018},
  organization={IEEE}
}

@inproceedings{nguyen2019skeleton,
  title={Skeleton-based hand gesture recognition by learning {SPD} matrices with neural networks},
  author={Nguyen, Xuan Son and Brun, Luc and Lezoray, Olivier and Bougleux, S{\'e}bastien},
  booktitle={2019 14th IEEE International Conference on Automatic Face \& Gesture Recognition (FG 2019)},
  pages={1--5},
  year={2019},
  organization={IEEE}
}

@inproceedings{wang2019spfemd,
  title={SPFEMD: Super-pixel Based Finger Earth Mover’s Distance for Hand Gesture Recognition},
  author={Wang, Yiwei and Jung, Cheolkon and Yun, Inyong and Kim, Joongkyu},
  booktitle={ICASSP 2019-2019 IEEE International Conference on Acoustics, Speech and Signal Processing (ICASSP)},
  pages={4085--4089},
  year={2019},
  organization={IEEE}
}

@inproceedings{fedor2003application,
  title={Application of inverse kinematics for skeleton manipulation in real-time},
  author={F{\^e}dor, Martin},
  booktitle={Proceedings of the 19th spring conference on Computer graphics},
  pages={203--212},
  year={2003}
}

@book{goodfellow2016deep,
  title={Deep Learning},
    author={Ian Goodfellow and Yoshua Bengio and Aaron Courville},
    publisher={MIT Press},
    note={\url{http://www.deeplearningbook.org}},
    year={2016}
}

@article{zhang2019end,
    title={End-to-end Hand Mesh Recovery from a Monocular {RGB} Image},
    author={Zhang, Xiong and Li, Qiang and Zhang, Wenbo and Zheng, Wen},
    journal={arXiv preprint arXiv:1902.09305},
    year={2019}
  }